% Beispiele
@book{kuster2005musikinformatik,
  author    = {Martin Kuster},
  title     = {Einführung in die Musikinformatik},
  year      = {2005},
  publisher = {Bärenreiter},
  location  = {Kassel}
}

@article{muller2010musikserver,
  author  = {Thomas Müller},
  title   = {Musikserver im Wandel der Zeit},
  journal = {Zeitschrift für Musikwissenschaft},
  year    = {2010},
  volume  = {12},
  number  = {3},
  pages   = {45--67}
}

@online{navidrome2024,
  author    = {Deluan Lima},
  title     = {Navidrome Music Server},
  year      = {2024},
  url       = {https://www.navidrome.org},
  note      = {Zugriff am 27. Juni 2025}
}

@misc{urhg60e,
  title  = {Urheberrechtsgesetz (UrhG) § 60e Bibliotheken},
  year   = {2024},
  note   = {Zugriff am 27. Juni 2025},
  url    = {https://www.gesetze-im-internet.de/urhg/__60e.html}
}