@online{duden_server,
  author       = {{Dudenredaktion}},
  title        = {Server},
  year         = {2025},
  url          = {https://www.duden.de/rechtschreibung/Server},
  urldate      = {2025-09-19},
  note         = {Duden Online, Rechtschreibung}
}

@online{britannica_network,
  author       = {{Encyclopædia Britannica}},
  title        = {Computer network},
  year         = {2025},
  url          = {https://www.britannica.com/technology/computer-network},
  urldate      = {2025-09-19},
  note         = {Encyclopædia Britannica Online}
}

@book{steinmetz_multimedia,
  author       = {Steinmetz, Ralf and Nahrstedt, Klara},
  title        = {Multimedia Systems},
  year         = {2004},
  publisher    = {Springer},
  address      = {Berlin, Heidelberg},
  isbn         = {978-3-540-40867-0},
  note         = {Begriffsdefinition Medienserver}
}

@online{gabler_streaming,
  author       = {{Gabler Wirtschaftslexikon}},
  title        = {Streaming},
  year         = {2025},
  url          = {https://wirtschaftslexikon.gabler.de/definition/streaming-173461},
  urldate      = {2025-09-19},
  note         = {Online-Lexikon des Gabler Verlags}
}




% Beispiele
@book{kuster2005musikinformatik,
  author    = {Martin Kuster},
  title     = {Einführung in die Musikinformatik},
  year      = {2005},
  publisher = {Bärenreiter},
  location  = {Kassel}
}

@article{muller2010musikserver,
  author  = {Thomas Müller},
  title   = {Musikserver im Wandel der Zeit},
  journal = {Zeitschrift für Musikwissenschaft},
  year    = {2010},
  volume  = {12},
  number  = {3},
  pages   = {45--67}
}

@online{navidrome2024,
  author    = {Deluan Lima},
  title     = {Navidrome Music Server},
  year      = {2024},
  url       = {https://www.navidrome.org},
  note      = {Zugriff am 27. Juni 2025}
}

@misc{urhg60e,
  title  = {Urheberrechtsgesetz (UrhG) § 60e Bibliotheken},
  year   = {2024},
  note   = {Zugriff am 27. Juni 2025},
  url    = {https://www.gesetze-im-internet.de/urhg/__60e.html}
}